

@InBook{LinuxStyle42,
  author =    {Torvalds, Linus and Carpenter, Dan and others},
  title =        {Linux kernel coding style},
  chapter =      {7: Centralized exiting of functions},
  publisher =    {Linux Kernel},
  year =         2014,
  month =     dec,
  note =      {\url{https://www.kernel.org/doc/Documentation/CodingStyle}},
  annote =    {The version of the guide that was part of Linux
                  kernel 2.6 was updated by Dan Carpenter on 2014-12-02.}
}


@InProceedings{ZahnCT74,
  author =       {Zahn, C.T.},
  title =        {A control statement for natural top-down structured
                  programming.},
  booktitle = {Proc. of a Programming Syrup},
  year =      1974,
  volume =    19,
  series =    {Lecture Notes in Computer Scienceq},
  month =     apr,
  address =   {Paris},
  publisher = {Springer-Verlag},
  note = {cited in \cite{KnuthDE75}}}

@article{KnuthDE74,
 author = {Knuth, Donald E.},
 title = {Structured Programming with Go to Statements},
 journal = {ACM Comput. Surv.},
 issue_date = {Dec. 1974},
 volume = 6,
 number = 4,
 month = dec,
 year = 1974,
 issn = {0360-0300},
 pages = {261--301},
 numpages = 41,
 url = {http://doi.acm.org/10.1145/356635.356640},
 doi = {10.1145/356635.356640},
 acmid = 356640,
 publisher = {ACM},
 address = {New York, NY, USA},
 note = {also cited in \cite{KnuthDE75}},
}


@InCollection{DijkstraEW72,
  author =    {Dijkstra, E.W.},
  editor =    {Dalai and Dijkstra and Hoare},
  booktitle =        {In Structured Programming},
  title =      {Notes on Structured Programming},
  publisher =    {Academic Press},
  year =         1972,
  note = {cited in \cite{KnuthDE75}}}

@Misc{ACDict,
  title =     {American {C}ollege {D}ictionary},
  howpublished = {Random House},
  note = {cited in \cite{KnuthDE75}}}

@Article{KnuthDE75,
  author =       {Knuth, D.E.},
  title =        {Ill-Chosen Use of ``Event''},
  journal =      {Communications of the {ACM} ({ACM} Forum)},
  year =         1975,
  volume =    18,
  number =    6,
  pages =     360,
  month =     jun}

@article{LandinPJ65,
  author = {Landin, P. J.},
  title = {Correspondence Between {ALGOL} 60 and {C}hurch's
                   {L}ambda-notation: Part {I}},
  journal = {Commun. ACM},
  issue_date = {Feb. 1965},
  volume = 8,
  number = 2,
  month = feb,
  year = 1965,
  issn = {0001-0782},
  pages = {89--101},
  numpages = 13,
  url = {http://doi.acm.org/10.1145/363744.363749},
  doi = {10.1145/363744.363749},
  acmid = 363749,
  publisher = {ACM},
  address = {New York, NY, USA},
}

@article{ClintM72,
  author = {Clint, M. and Hoare, C. A.},
  title = {Program Proving: Jumps and Functions},
  journal = {Acta Informatica},
  issue_date = {September 1972},
  volume = 1,
  number = 3,
  month = sep,
  year = 1972,
  issn = {0001-5903},
  pages = {214--224},
  numpages = 11,
  url = {http://dx.doi.org/10.1007/BF00288686},
  doi = {10.1007/BF00288686},
  acmid = 2697455,
  publisher = {Springer-Verlag New York, Inc.},
  address = {Secaucus, NJ, USA},
}

@InCollection{KnuthDE92,
  author = {Knuth, Donald E.},
  title = {Structured Programming with Go to Statements},
  chapter = 2,
  booktitle = {Literate Programming},
  isbn = 9780937073810,
  lccn = {lc91039510},
  series = {CSLI lecture notes},
  number = 27,
  year = 1992,
  publisher = {Center for the Study of Language and Information},
  numpages  =  {xv + 368},
  address  =  {Stanford, CA, USA}}

@book{KnuthDE92Book,
  title = {Literate Programming},
  author = {Knuth, Donald E.},
  isbn = 9780937073810,
  lccn = {lc91039510},
  series = {CSLI lecture notes},
  number = 27,
  year = 1992,
  publisher = {Center for the Study of Language and Information},
  numpages  =  {xv + 368},
  address  =  {Stanford, CA, USA},
}

@article{WilliamsDO84,
 author = {Williams, David O.},
 title = {Structured Transfer of Control},
 journal = {{SIGPLAN} Notices},
 issue_date = {October 1984},
 volume = 19,
 number = 10,
 month = oct,
 year = 1984,
 issn = {0362-1340},
 pages = {46--51},
 numpages = 6,
 url = {http://doi.acm.org/10.1145/948290.948295},
 doi = {10.1145/948290.948295},
 acmid = 948295,
 publisher = {ACM},
 address = {New York, NY, USA},
}

@inproceedings{GordonCS12,
 author = {Gordon, Colin S. and Parkinson, Matthew J. and Parsons,
                  Jared and Bromfield, Aleks and Duffy, Joe},
 title = {Uniqueness and Reference Immutability for Safe Parallelism},
 booktitle = {Proceedings of the {ACM} International Conference on
                  Object Oriented Programming Systems Languages and
                  Applications},
 series = {OOPSLA '12},
 year = 2012,
 isbn = {978-1-4503-1561-6},
 location = {Tucson, Arizona, USA},
 pages = {21--40},
 numpages = 20,
 url = {http://doi.acm.org/10.1145/2384616.2384619},
 doi = {10.1145/2384616.2384619},
 acmid = 2384619,
 publisher = {ACM},
 COMMENTaddress = {New York, NY, USA},
 keywords = {concurrency, reference immutability, type systems, views},
}

@inproceedings{CoblenzM16,
 author = {Coblenz, Michael and Sunshine, Joshua and Aldrich, Jonathan
                  and Myers, Brad and Weber, Sam and Shull, Forrest},
 title = {Exploring Language Support for Immutability},
 booktitle = {Proceedings of the 38th International Conference on Software Engineering},
 series = {ICSE '16},
 year = 2016,
 isbn = {978-1-4503-3900-1},
 location = {Austin, Texas},
 pages = {736--747},
 numpages = 12,
 url = {http://doi.acm.org/10.1145/2884781.2884798},
 doi = {10.1145/2884781.2884798},
 acmid = 2884798,
 publisher = {ACM},
 COMMENTaddress = {New York, NY, USA},
 keywords = {empirical studies of programmers, immutability, mutability, programmer productivity, programming language design, programming language usability},
}
